@article{Bearny2020,
author = {Thomas Beaney and Jonathan M Clarke and Vageesh Jain and Amelia Kataria Golestaneh and Gemma Lyons and David Salman and Azeem Majeed},
title ={Excess mortality: the gold standard in measuring the impact of COVID-19 worldwide?},
journal = {Journal of the Royal Society of Medicine},
volume = {113},
number = {9},
pages = {329-334},
year = {2020},
doi = {10.1177/0141076820956802},
    note ={PMID: 32910871},

URL = { 
        https://doi.org/10.1177/0141076820956802
    
},
eprint = { 
        https://doi.org/10.1177/0141076820956802
    
}

}


@article{karlinsky2021tracking,
  title={Tracking excess mortality across countries during the COVID-19 pandemic with the World Mortality Dataset},
  author={Karlinsky, Ariel and Kobak, Dmitry},
  journal={Elife},
  volume={10},
  pages={e69336},
  year={2021},
  publisher={eLife Sciences Publications Limited}
}

@article{hmd_excess2021,
    doi = {10.1371/journal.pone.0246663},
    author = {Németh, László AND Jdanov, Dmitri A. AND Shkolnikov, Vladimir M.},
    journal = {PLOS ONE},
    publisher = {Public Library of Science},
    title = {An open-sourced, web-based application to analyze weekly excess mortality based on the Short-term Mortality Fluctuations data series},
    year = {2021},
    month = {02},
    volume = {16},
    url = {https://doi.org/10.1371/journal.pone.0246663},
    pages = {1-10},
    number = {2}

}